<?xml version="1.0" encoding="UTF-8"?>
<record>
  <leader>00889ncm#a2200289#c#4500</leader>
  <controlfield tag="005">20210407144128.0</controlfield>
  <controlfield tag="007">qu</controlfield>
  <controlfield tag="008">920828|1989####gw#uu|##################c</controlfield>
  <controlfield tag="003">DE-605</controlfield>
  <controlfield tag="001">990016782920206441</controlfield>
  <datafield tag="016" ind1="7" ind2=" ">
    <subfield code="a">1068203015</subfield>
    <subfield code="2">OCoLC</subfield>
  </datafield>
  <datafield tag="024" ind1="2" ind2=" ">
    <subfield code="a">M204421206</subfield>
  </datafield>
  <datafield tag="028" ind1="5" ind2="2">
    <subfield code="a">N 2120</subfield>
  </datafield>
  <datafield tag="035" ind1=" " ind2=" ">
    <subfield code="a">(DE-605)HT004285445</subfield>
  </datafield>
  <datafield tag="040" ind1=" " ind2=" ">
    <subfield code="a">HBZ/OZK</subfield>
    <subfield code="b">ger</subfield>
    <subfield code="d">1156</subfield>
    <subfield code="e">rakwb</subfield>
  </datafield>
  <datafield tag="044" ind1=" " ind2=" ">
    <subfield code="c">XA-DE</subfield>
  </datafield>
  <datafield tag="100" ind1="1" ind2=" ">
    <subfield code="a">Molsen, Uli</subfield>
    <subfield code="d">1947-</subfield>
    <subfield code="0">(DE-588)134465202</subfield>
    <subfield code="4">cmp</subfield>
  </datafield>
  <datafield tag="245" ind1="1" ind2="0">
    <subfield code="a">Erleben - Verstehen - Lernen</subfield>
    <subfield code="h">Musikdruck</subfield>
    <subfield code="b">Klavierschule für Erwachsene</subfield>
    <subfield code="c">Uli Molsen</subfield>
  </datafield>
  <datafield tag="264" ind1=" " ind2="1">
    <subfield code="a">Wilhelmshaven</subfield>
    <subfield code="b">Heinrichshofen</subfield>
    <subfield code="c">c 1989</subfield>
  </datafield>
  <datafield tag="300" ind1=" " ind2=" ">
    <subfield code="a">80 S. + lose Beil.</subfield>
  </datafield>
  <datafield tag="688" ind1=" " ind2="7">
    <subfield code="2">SW-Musik</subfield>
    <subfield code="a">Klavier / Lehrmittel</subfield>
  </datafield>
  <datafield tag="770" ind1="0" ind2="8">
    <subfield code="i">Beil.</subfield>
    <subfield code="t">Tägliche Einspiel-Übungen</subfield>
  </datafield>
  <datafield tag="964" ind1="0" ind2="s">
    <subfield code="F">030</subfield>
    <subfield code="A">a|1uc||||||17</subfield>
  </datafield>
  <datafield tag="964" ind1="0" ind2="s">
    <subfield code="F">050</subfield>
    <subfield code="A">a|||||||||||||</subfield>
  </datafield>
  <datafield tag="964" ind1="0" ind2="s">
    <subfield code="F">051</subfield>
    <subfield code="A">mm||||||</subfield>
  </datafield>
  <datafield tag="035" ind1=" " ind2=" ">
    <subfield code="a">(OCoLC)1068203015</subfield>
  </datafield>
  <datafield tag="035" ind1=" " ind2=" ">
    <subfield code="a">(DE-599)HBZHT004285445</subfield>
  </datafield>
  <datafield tag="MBD" ind1=" " ind2=" ">
    <subfield code="M">49HBZ_NETWORK</subfield>
    <subfield code="i">990016782920206441</subfield>
    <subfield code="n">HBZ Network</subfield>
  </datafield>
  <datafield tag="MBD" ind1=" " ind2=" ">
    <subfield code="M">49HBZ_DET</subfield>
    <subfield code="i">991004314059706480</subfield>
    <subfield code="n">Hochschule fur Musik Detmold</subfield>
  </datafield>
  <datafield tag="980" ind1="1" ind2=" ">
    <subfield code="e">HBZ</subfield>
    <subfield code="9">LOCAL</subfield>
    <subfield code="M">49HBZ_DET</subfield>
  </datafield>
  <datafield tag="981" ind1=" " ind2=" ">
    <subfield code="a">(DE575-DE51)584736</subfield>
    <subfield code="9">LOCAL</subfield>
    <subfield code="M">49HBZ_DET</subfield>
  </datafield>
  <datafield tag="983" ind1=" " ind2=" ">
    <subfield code="b">NC 10 / Molsen, Uli</subfield>
    <subfield code="9">LOCAL</subfield>
    <subfield code="M">49HBZ_DET</subfield>
  </datafield>
  <datafield tag="992" ind1=" " ind2=" ">
    <subfield code="a">NC 10 MolsU 2</subfield>
    <subfield code="9">LOCAL</subfield>
    <subfield code="M">49HBZ_DET</subfield>
  </datafield>
  <datafield tag="997" ind1=" " ind2=" ">
    <subfield code="a">20150805</subfield>
    <subfield code="9">LOCAL</subfield>
    <subfield code="M">49HBZ_DET</subfield>
  </datafield>
  <datafield tag="MBD" ind1=" " ind2=" ">
    <subfield code="M">49HBZ_BRIDGE_LBZ</subfield>
    <subfield code="i">9918721307506</subfield>
    <subfield code="n">Rheinische Landesbibliothek Koblenz</subfield>
  </datafield>
  <datafield tag="MNG" ind1=" " ind2=" ">
    <subfield code="c">System</subfield>
    <subfield code="f">ILS</subfield>
    <subfield code="i">marc21</subfield>
    <subfield code="k">01</subfield>
    <subfield code="e">false</subfield>
    <subfield code="d">2021-04-07 14:41:28 Europe/Berlin</subfield>
    <subfield code="g">001678292-HBZ01</subfield>
    <subfield code="j">60</subfield>
    <subfield code="a">import</subfield>
    <subfield code="b">2021-04-05 14:31:40 Europe/Berlin</subfield>
  </datafield>
  <datafield tag="H52" ind1="8" ind2=" ">
    <subfield code="b">HfM</subfield>
    <subfield code="c">HfM_Freih</subfield>
    <subfield code="h">NC 10 MolsU 2</subfield>
    <subfield code="8">2293551530006480</subfield>
  </datafield>
  <datafield tag="HOL" ind1=" " ind2=" ">
    <subfield code="b">2023-08-14 14:45:31</subfield>
    <subfield code="8">2293551530006480</subfield>
    <subfield code="M">49HBZ_DET</subfield>
    <subfield code="g">false</subfield>
    <subfield code="a">import</subfield>
  </datafield>
  <datafield tag="ITM" ind1=" " ind2=" ">
    <subfield code="H">2293551530006480</subfield>
    <subfield code="x">HfM_Freih</subfield>
    <subfield code="f">BOOK</subfield>
    <subfield code="v">HfM_Freih</subfield>
    <subfield code="p">praesenz</subfield>
    <subfield code="X">System</subfield>
    <subfield code="U">2023-08-14 12:59:00 Europe/Berlin</subfield>
    <subfield code="Y">2023-08-16 20:54:04 Europe/Berlin</subfield>
    <subfield code="h">false</subfield>
    <subfield code="J">+ Beil.;Semesterapparat Spiekermann (IE)</subfield>
    <subfield code="n">NC 10 MolsU 2</subfield>
    <subfield code="G">1</subfield>
    <subfield code="M">49HBZ_DET</subfield>
    <subfield code="s">1</subfield>
    <subfield code="d">8</subfield>
    <subfield code="V">import</subfield>
    <subfield code="L">AnzBeil: 1 | IntFußn: Achtung: + 1 Beil.;33/106/2004</subfield>
    <subfield code="b">57500000060809</subfield>
    <subfield code="O">BuchdatAufn: 2015-08-10 | Sigel: 575 | HBZ01: HT004285445 | Fernleihkonditionen: 3</subfield>
    <subfield code="N">weitSign: N 13 992 | Syst: 814 | vorlRückg: 2016-10-05</subfield>
    <subfield code="a">2393551510006480</subfield>
    <subfield code="R">Ausl23: 0 | Ausl22: 0 | Ausl21: 0 | Vorm23: 0</subfield>
    <subfield code="c">NC 10 MolsU 2</subfield>
    <subfield code="K">1 Beilagen</subfield>
    <subfield code="W">2023-08-14 16:45:31 Europe/Berlin</subfield>
    <subfield code="u">HfM</subfield>
    <subfield code="w">HfM</subfield>
  </datafield>
  <datafield tag="H52" ind1="0" ind2=" ">
    <subfield code="b">R0003</subfield>
    <subfield code="c">00001000</subfield>
    <subfield code="h">Mus. 30018 + Beil.</subfield>
    <subfield code="8">227988490007506</subfield>
  </datafield>
  <datafield tag="HOL" ind1=" " ind2=" ">
    <subfield code="d">2023-02-07 22:02:35</subfield>
    <subfield code="8">227988490007506</subfield>
    <subfield code="b">2023-02-07 22:02:35</subfield>
    <subfield code="M">49HBZ_BRIDGE_LBZ</subfield>
    <subfield code="g">false</subfield>
    <subfield code="a">System</subfield>
    <subfield code="c">System</subfield>
  </datafield>
  <datafield tag="ITM" ind1=" " ind2=" ">
    <subfield code="H">227988490007506</subfield>
    <subfield code="x">00001000</subfield>
    <subfield code="f">BOOK</subfield>
    <subfield code="v">00001000</subfield>
    <subfield code="p">02</subfield>
    <subfield code="X">System</subfield>
    <subfield code="Y">2015-02-16 01:00:00 Europe/Berlin</subfield>
    <subfield code="n">Mus. 30018 + Beil.</subfield>
    <subfield code="M">49HBZ_BRIDGE_LBZ</subfield>
    <subfield code="s">1</subfield>
    <subfield code="d">0</subfield>
    <subfield code="V">System</subfield>
    <subfield code="b">012979677107</subfield>
    <subfield code="a">237988430007506</subfield>
    <subfield code="c">Mus. 30018 + Beil.</subfield>
    <subfield code="W">2023-02-07 23:02:35 Europe/Berlin</subfield>
    <subfield code="u">R0003</subfield>
    <subfield code="w">R0003</subfield>
  </datafield>
</record>
